<record><leader>00000cas a22000007a 4500</leader><controlfield tag="001">18284627</controlfield><controlfield tag="008">880728d18671870deuwr ne      0    0eng d</controlfield><datafield ind1=" " ind2=" " tag="010"><subfield code="a">sn 88053070 </subfield></datafield><datafield ind1=" " ind2=" " tag="040"><subfield code="a">DEX</subfield><subfield code="b">eng</subfield><subfield code="c">DEX</subfield><subfield code="d">OCLCQ</subfield></datafield><datafield ind1=" " ind2=" " tag="042"><subfield code="a">msc</subfield></datafield><datafield ind1="0" ind2="0" tag="245"><subfield code="a">Clayton herald.</subfield></datafield><datafield ind1=" " ind2=" " tag="260"><subfield code="a">Clayton, Del. :</subfield><subfield code="b">Mrs. R.S. McConaughy</subfield></datafield><datafield ind1=" " ind2=" " tag="300"><subfield code="a">v.</subfield></datafield><datafield ind1=" " ind2=" " tag="310"><subfield code="a">Weekly</subfield></datafield><datafield ind1="1" ind2=" " tag="362"><subfield code="a">Began in 1867; ceased in 1870?</subfield></datafield><datafield ind1=" " ind2=" " tag="588"><subfield code="a">Description based on: Vol. 1, no. 17 (Aug. 17, 1867).</subfield></datafield><datafield ind1=" " ind2=" " tag="752"><subfield code="a">United States</subfield><subfield code="b">Delaware</subfield><subfield code="c">Kent</subfield><subfield code="d">Clayton.</subfield></datafield><datafield ind1="0" ind2="0" tag="785"><subfield code="t">Herald (Smyrna, Del.)</subfield><subfield code="w">(DLC)sn 88053095</subfield></datafield></record>